<?xml version="1.0" encoding="UTF-8"?><collection xmlns="http://www.loc.gov/MARC21/slim"><record><leader>00417nam--2200121-i-4500</leader><controlfield tag="001">000013866</controlfield><controlfield tag="002">20161230</controlfield><controlfield tag="005">20161230201030</controlfield><controlfield tag="008">060222s1000------------r-----000-0-eng-d</controlfield><datafield ind1=" " ind2=" " tag="245"><subfield code="a">Culegere de articole si comunicari. buletinul institutul de geofizica al academiei de stiinta urss nr.22(149), moscova, 1954</subfield></datafield><datafield ind1=" " ind2=" " tag="260"><subfield code="a">Bucuresti, Academia Republicii Populare Romane, 1954</subfield></datafield><datafield ind1=" " ind2=" " tag="490"><subfield code="a">164p</subfield></datafield><datafield ind1=" " ind2=" " tag="852"><subfield code="a">550.34(04)=03.82=590</subfield></datafield></record></collection>